@book{kholodov,
    author = "Магомедов,  К. М. and Холодов, А. С.",
    title = "Сеточно-характеристические численные методы",
    publisher = "Наука",
    address   = "М.",
    year = 1988,
    langid = "russian"
}

@book{
	kazakov,
	author  = "А. О. Казаков",
	title = "Численное моделирование волновых процессов в задачах ультразвукового неразрушающего контроля сеточнохарактеристическим методом",
	publisher = "Дисс. канд. физ.-мат. наук, М., МФТИ",
	year = 2019,
	langid = "russian"
}

@article{chelnokov,
	author = "Челноков, Ф. Б.",
	title = "Явное представление сеточно-характеристических схем для уравнений упругости в двумерном и трехмерном пространствах",
	journal = "Матем. моделирование",
	year = 2006,
	volume = 18,
	number = 6,
	langid = "russian"
}

@book{petrov,
	author  = "Петров, И. Б. and Лобанов, А. И.",
	title = "Лекции по вычислительной математике",
	publisher = "Интернет-университет информационных технологий",
	year = 2006,
	langid = "russian"
}

@book{landau_elasticity,
	author  = "Ландау, Л. and Лифшиц, Е.",
	title = "Теория упругости",
	publisher = "Наука",
	year = 1965,
	langid = "russian"
}

@book{isakovich_acoustics,
	author  = "Исакович, М. А.",
	title = "Общая акустика",
	publisher = "Наука",
	year = 1973,
	langid = "russian"
}

@book{kondaurov,
	author  = "Кондауров, В.И. and Фортов, В.Е.",
	title = "Основы термомеханики конденсированной среды",
	publisher = "М., МФТИ",
	year = 2002,
	langid = "russian"
}

@article{gorkov,
	author = "Горьков, Л. П.",
	title = "О силах, действующих на малую частицу в акустическом поле в идальной жидкости",
	journal = "Доклады Академии наук СССР",
	year = 1961,
	volume = 140,
	number = 1,
	langid = "russian"
}

@article{nature_acoustics,
	author = "Spyros Polychronopoulos and Gianluca Memoli",
	title = "Acoustic levitation with optimized reflective metamaterials",
	journal = "Nature",
	year = "2020",
	langid = "english"
}

@article{acoustics_sim,
	author = "Fuqiang Zhang and Zelai Jin",
	title = "The Experiment of Acoustic Levitation and the Analysis by Simulation",
	journal = "Open Access Library Journal",
	year = "2018",
	langid = "english"
}

@article{appliance_medicine,
	author = "Jan-Paul Ruiken and Jörn Villwock and Matthias Kraume",
	title = "Drop Dissolution Intensified by Acoustic Levitation",
	journal = "Micromachines",
	year = "2024",
	langid = "english"
}

@article{appliance_bearings,
	author = "Minghui Shi and Kai Feng and Junhui Hu and Jiang Zhu and Hailong Cui",
	title = "Near-field acoustic levitation and applications to bearings: a critical review",
	journal = "International Journal of Extreme Manufacturing",
	year = "2019",
	langid = "english"
}

@inproceedings{appliance_robot,
	author = "Jared Nakahara and Boling Yang and Joshua R. Smith",
	title = "Contact-less Manipulation of Millimeter-scale Objects via Ultrasonic Levitation",
	booktitle = "2020 8th IEEE RAS/EMBS International Conference for Biomedical Robotics and Biomechatronics (BioRob)",
	year = "2020",
	langid = "english"
}

@book{stm32,
	author  = "Noviello, C.",
	title = "Mastering STM32",
	publisher = "LeanPub",
	year = 2022,
	langid = "english"
}

@misc{gcm,
	author = "Васюков, А. В",
	title = "GCM 3D",
	url = "https://github.com/avasyukov/naiveAcousticsGCM3D",
}

@article{matching_layers,
	author = "Valeria Nascimento and Vera Button and Eduardo Tavares Costa",
	title = "Influence of backing and matching layers in ultrasound transducer performance",
	journal = "Proceedings of SPIE - The International Society for Optical Engineering",
	year = "2003",
	langid = "english"
}

@article{bio,
	author = "Taylor Boudreaux and Luke Freyhof",
	title = "Biological Acoustic Levitation and Its Potential Application for Microgravity Study",
	journal = "MDPI Biosensors",
	year = "2024",
	langid = "english"
}

@article{damping,
	author = "Vincent Bos and Jasper Wesselingh",
	title = "Active damping for acoustic levitation in air",
	journal = "AIP Advances",
	year = "2024",
	langid = "english"
}

@article{materials,
	author = "James W. E. Drewitt and Barnaby Emmens",
	title = "MightyLev: An acoustic levitator for high-temperature containerless processing of medium- to high-density materials",
	journal = "Review of Scientific Instruments",
	year = "2024",
	langid = "english"
}

@misc{lm1875,
	author = "National Semiconductor (TI)",
	title = "LM1875 Datasheet",
	url = "https://www.alldatasheet.com/datasheet-pdf/pdf/8681/NSC/LM1875.html",
}

@book{knee1,
	author  = "Лагунова, И. Г. ",
	title = "Рентгенанатомия скелета",
	publisher = "Медицина, М.",
	year = "1981, стр. 320--335",
	langid = "russian"
}

@misc{protez,
	title = "Тотальный эндопротез коленного сустава - тип СВЛ",
	url = "https://tk-vector.ru/wp-content/uploads/2017/05/katalog_nahrada-kol-kloubu_SVL_RU.pdf",
}

@article{knee2,
	author = "Hiroshi Inui and Shuji Taketomi and Kensuke Nakamura and Seira Take and Hideki Takeda",
	title = "Influence of navigation system updates on total knee arthroplasty",
	journal = "BMC Sports Science, Medicine, and Rehabilitation",
	year = "2013",
	langid = "english"
}

@article{knee3,
	author = "Kirill Gromov and Mounim Korchi and Morten G Thomsen and Henrik Husted and Anders Troelsen",
	title = "What is the optimal alignment of the tibial and femoral com-ponents in knee arthroplasty?",
	journal = "Acta Orthopaedica",
	year = "2014",
	langid = "english"
}



